<record><leader>00000cas a22000007a 4500</leader><controlfield tag="001">56797001</controlfield><controlfield tag="008">041021d192u19uutnuuu ne      0    0eng d</controlfield><datafield ind1=" " ind2=" " tag="010"><subfield code="a">sn2004062318</subfield></datafield><datafield ind1=" " ind2=" " tag="040"><subfield code="a">TGN</subfield><subfield code="b">eng</subfield><subfield code="c">TGN</subfield><subfield code="d">OCLCQ</subfield><subfield code="d">OCLCF</subfield><subfield code="d">OCLCO</subfield></datafield><datafield ind1="1" ind2=" " tag="029"><subfield code="a">AU@</subfield><subfield code="b">000026324421</subfield></datafield><datafield ind1=" " ind2=" " tag="042"><subfield code="a">msc</subfield></datafield><datafield ind1=" " ind2=" " tag="043"><subfield code="a">n-us-tn</subfield></datafield><datafield ind1="0" ind2="4" tag="245"><subfield code="a">The Crockett technician.</subfield></datafield><datafield ind1=" " ind2=" " tag="260"><subfield code="a">Memphis, Tenn. :</subfield><subfield code="b">Crockett Technical High School</subfield></datafield><datafield ind1=" " ind2=" " tag="300"><subfield code="a">v.</subfield></datafield><datafield ind1="1" ind2=" " tag="362"><subfield code="a">Began in 192?</subfield></datafield><datafield ind1=" " ind2=" " tag="515"><subfield code="a">Vol. 5, no. 5 also called Senior number.</subfield></datafield><datafield ind1=" " ind2=" " tag="588"><subfield code="a">Description based on: Vol. 5, no. 5 (May. 30, 1924).</subfield></datafield><datafield ind1=" " ind2="0" tag="650"><subfield code="a">Technical education</subfield><subfield code="z">Tennessee</subfield><subfield code="z">Memphis</subfield><subfield code="v">Newspapers.</subfield></datafield><datafield ind1=" " ind2="0" tag="650"><subfield code="a">High schools</subfield><subfield code="z">Tennessee</subfield><subfield code="z">Memphis</subfield><subfield code="v">Newspapers.</subfield></datafield><datafield ind1=" " ind2="0" tag="651"><subfield code="a">Memphis (Tenn.)</subfield><subfield code="v">Newspapers.</subfield></datafield><datafield ind1=" " ind2="0" tag="651"><subfield code="a">Shelby County (Tenn.)</subfield><subfield code="v">Newspapers.</subfield></datafield><datafield ind1=" " ind2="7" tag="655"><subfield code="a">Newspapers.</subfield><subfield code="2">fast</subfield><subfield code="0">(OCoLC)fst01423814</subfield></datafield><datafield ind1=" " ind2="7" tag="650"><subfield code="a">High schools.</subfield><subfield code="2">fast</subfield><subfield code="0">(OCoLC)fst00956288</subfield></datafield><datafield ind1=" " ind2="7" tag="650"><subfield code="a">Technical education.</subfield><subfield code="2">fast</subfield><subfield code="0">(OCoLC)fst01144838</subfield></datafield><datafield ind1=" " ind2="7" tag="651"><subfield code="a">Tennessee</subfield><subfield code="z">Memphis.</subfield><subfield code="2">fast</subfield><subfield code="0">(OCoLC)fst01204194</subfield></datafield><datafield ind1=" " ind2="7" tag="651"><subfield code="a">Tennessee</subfield><subfield code="z">Shelby County.</subfield><subfield code="2">fast</subfield><subfield code="0">(OCoLC)fst01209894</subfield></datafield><datafield ind1="2" ind2=" " tag="710"><subfield code="a">Crockett Technical High School (Memphis, Tenn.)</subfield></datafield><datafield ind1=" " ind2=" " tag="752"><subfield code="a">United States</subfield><subfield code="b">Tennessee</subfield><subfield code="c">Shelby</subfield><subfield code="d">Memphis.</subfield></datafield></record>